@book{leibaohua-CDN-2012,
   author = {雷葆华 and 孙颖 and 王峰},
   publisher = {CDN技术详解},
   title = {CDN技术详解},
   year = {2012},
}
@report{RFC-3040,
   author = {Ian Cooper and Ingrid Melve and Gary Tomlinson},
   isbn = {2070-1721},
   title = {Internet web replication and caching taxonomy},
   url = {https://www.rfc-editor.org/rfc/rfc3040.html},
   year = {2001},
}
@report{RFC-6707,
   author = {Ben Niven-Jenkins and Francois Le Faucheur and Nabil Bitar},
   isbn = {2070-1721},
   title = {Content distribution network interconnection (CDNI) problem statement},
   url = {https://www.rfc-editor.org/rfc/rfc6707},
   year = {2012},
}
@article{Callejo-2019-Measuring,
   author = {Patricia Callejo and Rubén Cuevas and Narseo Vallina-Rodriguez and Ángel Cuevas Rumin},
   issn = {2169-3536},
   journal = {IEEE Access},
   pages = {168020-168028},
   publisher = {IEEE},
   title = {Measuring the global recursive DNS infrastructure: a view from the edge},
   volume = {7},
   year = {2019},
}
@article{pan-2003-dns,
   author = {Jianping Pan and Y Thomas Hou and Bo Li},
   issn = {1389-1286},
   issue = {6},
   journal = {Computer Networks},
   pages = {695-711},
   publisher = {Elsevier},
   title = {An overview of DNS-based server selections in content distribution networks},
   volume = {43},
   year = {2003},
}
@inproceedings{Calder2018,
   author = {Matt Calder and Ryan Gao and Manuel Schröder and Ryan Stewart and Jitendra Padhye and Ratul Mahajan and Ganesh Ananthanarayanan and Ethan Katz-Bassett},
   isbn = {1939133017},
   journal = {15th USENIX Symposium on Networked Systems Design and Implementation (NSDI 18)},
   pages = {501-517},
   title = {Odin:\{Microsoft’s\} Scalable \{Fault-Tolerant\}\{CDN\} Measurement System},
   year = {2018},
}
@article{Zhang-2021-Scale-platform,
   author = {Xu Zhang and Geyong Min and Qilin Fan and Hao Yin and Dapeng Oliver Wu and Zhan Ma},
   issn = {1551-3203},
   issue = {2},
   journal = {IEEE Transactions on Industrial Informatics},
   pages = {1186-1196},
   publisher = {IEEE},
   title = {A Light-Weight Statistical Latency Measurement Platform at Scale},
   volume = {18},
   year = {2021},
}
@article{Pathan-survey-2007,
   author = {Al-Mukaddim Khan Pathan and Rajkumar Buyya},
   issue = {2007},
   journal = {Grid computing and distributed systems laboratory, University of Melbourne, Technical Report},
   pages = {70},
   title = {A taxonomy and survey of content delivery networks},
   volume = {4},
   year = {2007},
}
@inproceedings{Fayed-IpUnbind-2021,
   author = {Marwan Fayed and Lorenz Bauer and Vasileios Giotsas and Sami Kerola and Marek Majkowski and Pavel Odintsov and Jakub Sitnicki and Taejoong Chung and Dave Levin and Alan Mislove},
   journal = {Proceedings of the 2021 ACM SIGCOMM 2021 Conference},
   pages = {433-446},
   title = {The Ties that un-Bind: Decoupling IP from web services and sockets for robust addressing agility at CDN-scale},
   year = {2021},
}
@article{Sahoo2016,
   author = {Jagruti Sahoo and Mohammad A Salahuddin and Roch Glitho and Halima Elbiaze and Wessam Ajib},
   issn = {1553-877X},
   issue = {2},
   journal = {IEEE Communications Surveys \& Tutorials},
   pages = {1002-1026},
   publisher = {IEEE},
   title = {A survey on replica server placement algorithms for content delivery networks},
   volume = {19},
   year = {2016},
}
@report{cnnic2022,
   author = {CNNIC},
   city = {北京},
   institution = {中国互联网络信息中心},
   title = {中国互联网络发展状况统计报告},
   year = {2022},
}
@inproceedings{Hohlfeld2018,
   author = {Oliver Hohlfeld and Jan Rüth and Konrad Wolsing and Torsten Zimmermann},
   journal = {International Conference on Passive and Active Network Measurement},
   pages = {114-128},
   publisher = {Springer},
   title = {Characterizing a meta-CDN},
   year = {2018},
}
@article{Timm2018,
   author = {Timm Böttger and Felix Cuadrado and Gareth Tyson and Ignacio Castro and Steve Uhlig},
   issn = {0146-4833},
   issue = {1},
   journal = {ACM SIGCOMM Computer Communication Review},
   pages = {28-34},
   publisher = {ACM New York, NY, USA},
   title = {Open connect everywhere: A glimpse at the internet ecosystem through the lens of the netflix cdn},
   volume = {48},
   year = {2018},
}
@article{Choffnes2017,
   author = {David Choffnes and Jilong Wang},
   issn = {2169-3536},
   journal = {IEEE Access},
   pages = {5292-5305},
   publisher = {IEEE},
   title = {CDNs meet CN an empirical study of CDN deployments in China},
   volume = {5},
   year = {2017},
}
@inproceedings{Guo2018,
   author = {Run Guo and Jianjun Chen and Baojun Liu and Jia Zhang and Chao Zhang and Haixin Duan and Tao Wan and Jian Jiang and Shuang Hao and Yaoqi Jia},
   isbn = {1538683016},
   journal = {2018 IEEE 37th Symposium on Reliable Distributed Systems (SRDS)},
   pages = {1-10},
   publisher = {IEEE},
   title = {Abusing CDNs for fun and profit: Security issues in CDNs' origin validation},
   year = {2018},
}
@article{Chen2015,
   author = {Fangfei Chen and Ramesh K Sitaraman and Marcelo Torres},
   issn = {0146-4833},
   issue = {4},
   journal = {ACM SIGCOMM Computer Communication Review},
   pages = {167-181},
   publisher = {ACM New York, NY, USA},
   title = {End-user mapping: Next generation request routing for content delivery},
   volume = {45},
   year = {2015},
}
@inproceedings{Hao2018,
   author = {Shuai Hao and Yubao Zhang and Haining Wang and Angelos Stavrou},
   isbn = {1939133041},
   journal = {27th USENIX Security Symposium (USENIX Security 18)},
   pages = {1129-1145},
   title = {\{End-Users\} Get Maneuvered: Empirical Analysis of Redirection Hijacking in Content Delivery Networks},
   year = {2018},
}
@article{Zhu2021,
   author = {Guowei Zhu and Weixi Gu},
   issn = {2327-4662},
   issue = {9},
   journal = {IEEE Internet of Things Journal},
   pages = {6638-6649},
   publisher = {IEEE},
   title = {User Mapping Strategy in Multi-CDN Streaming: A Data-Driven Approach},
   volume = {9},
   year = {2021},
}
@inproceedings{Moura2019,
   author = {Giovane C M Moura and John Heidemann and Ricardo de O Schmidt and Wes Hardaker},
   journal = {Proceedings of the Internet Measurement Conference},
   pages = {101-115},
   title = {Cache me if you can: Effects of DNS Time-to-Live},
   year = {2019},
}
@inproceedings{Ballani2006,
   author = {Hitesh Ballani and Paul Francis and Sylvia Ratnasamy},
   journal = {Proceedings of the 6th ACM SIGCOMM conference on Internet measurement},
   pages = {231-244},
   title = {A measurement-based deployment proposal for IP anycast},
   year = {2006},
}
@article{Pochat2018,
   author = {Victor Le Pochat and Tom Van Goethem and Samaneh Tajalizadehkhoob and Maciej Korczyński and Wouter Joosen},
   journal = {arXiv preprint arXiv:1806.01156},
   title = {Tranco: A research-oriented top sites ranking hardened against manipulation},
   year = {2018},
}
@inproceedings{Calder2015,
   author = {Matt Calder and Ashley Flavel and Ethan Katz-Bassett and Ratul Mahajan and Jitendra Padhye},
   journal = {Proceedings of the 2015 Internet Measurement Conference},
   pages = {531-537},
   title = {Analyzing the Performance of an Anycast CDN},
   year = {2015},
}
@inproceedings{Koch2021,
   author = {Thomas Koch and Ethan Katz-Bassett and John Heidemann and Matt Calder and Calvin Ardi and Ke Li},
   journal = {Proceedings of the 2021 ACM SIGCOMM 2021 Conference},
   pages = {398-417},
   title = {Anycast in context: A tale of two systems},
   year = {2021},
}
@inproceedings{Bekker2019,
   author = {Jessa Bekker and Pieter Robberechts and Jesse Davis},
   journal = {Joint European Conference on Machine Learning and Knowledge Discovery in Databases},
   pages = {71-85},
   publisher = {Springer},
   title = {Beyond the selected completely at random assumption for learning from positive and unlabeled data},
   year = {2019},
}
@article{Bekker2020,
   author = {Jessa Bekker and Jesse Davis},
   issn = {1573-0565},
   issue = {4},
   journal = {Machine Learning},
   pages = {719-760},
   publisher = {Springer},
   title = {Learning from positive and unlabeled data: A survey},
   volume = {109},
   year = {2020},
}
@patent{,
   author = {郑超 and 马小青 and 彭宣正 and 戚岱杰},
   title = {一种基于图半监督分类的CDN托管节点检测方法},
}
@patent{,
   author = {王文庭},
   title = {一种CDN系统服务质量检测方法及系统},
}
@patent{,
   author = {张则梁 and 孙风雷 and 景晓军 and 沈智杰 and 唐新民},
   title = {CDN服务IP检测方法和系统},
   year = {2019},
}
@inproceedings{Ma2021,
   author = {Xiaoqing Ma and Chao Zheng and Zhao Li and Qingyun Liu and Xunxun Chen},
   isbn = {1665427442},
   journal = {2021 IEEE Symposium on Computers and Communications (ISCC)},
   pages = {1-7},
   publisher = {IEEE},
   title = {CDNFinder: Detecting CDN-hosted Nodes by Graph-Based Semi-Supervised Classification},
   year = {2021},
}
@inproceedings{Guo2020,
   author = {Run Guo and Weizhong Li and Baojun Liu and Shuang Hao and Jia Zhang and Haixin Duan and Kaiwen Sheng and Jianjun Chen and Ying Liu},
   journal = {NDSS},
   title = {CDN Judo: Breaking the CDN DoS Protection with Itself.},
   year = {2020},
}
@inproceedings{Hou2021,
   author = {Ruijjie Hou and Changyong Guo and Zhaoxin Zhang and Ning Li},
   isbn = {1742-6596},
   issue = {1},
   journal = {Journal of Physics: Conference Series},
   pages = {012017},
   publisher = {IOP Publishing},
   title = {Nodes detection in CDN with enhanced naive bayes tree},
   volume = {1976},
   year = {2021},
}
@inproceedings{Li2020,
   author = {Hailing Li and Longtao He and Hui Zhang and Kai Zhang and Xiaoqian Li and Chenghai He},
   journal = {Proceedings of the 2020 The 3rd International Conference on Information Science and System},
   pages = {144-149},
   title = {Cdn-hosted domain detection with supervised machine learning through dns records},
   year = {2020},
}
@article{Najaf2021,
   author = {Durr E Najaf and Pinial K Butt and Arifa Bhutto},
   issn = {2709-2240},
   issue = {1},
   journal = {ILMA Journal of Technology \& Software Management (IJTSM)},
   title = {Traffic Analysis of Content Delivery Network},
   volume = {1},
   year = {2021},
}
@inproceedings{Huang2008,
   author = {Cheng Huang and Angela Wang and Jin Li and Keith W Ross},
   journal = {ACM IMC},
   pages = {15-29},
   title = {Measuring and evaluating large-scale CDNs},
   volume = {8},
   year = {2008},
}
@inproceedings{Chen2019,
   author = {Xunxun Chen and Gaochao Li and Yongzheng Zhang and Xiao Wu and Changbo Tian},
   journal = {Proceedings of the 2019 2nd International Conference on Information Science and Systems},
   pages = {54-59},
   title = {A deep learning based fast-flux and CDN domain names recognition method},
   year = {2019},
}
@article{Adhikari2014,
   author = {Vijay K Adhikari and Yang Guo and Fang Hao and Volker Hilt and Zhi-Li Zhang and Matteo Varvello and Moritz Steiner},
   issn = {1063-6692},
   issue = {6},
   journal = {IEEE/ACM Transactions On Networking},
   pages = {1984-1997},
   publisher = {IEEE},
   title = {Measurement study of Netflix, Hulu, and a tale of three CDNs},
   volume = {23},
   year = {2014},
}
@inproceedings{Liang2006,
   author = {Han Liang and Yuhong Yan},
   journal = {Conference of the Canadian Society for Computational Studies of Intelligence},
   pages = {455-466},
   publisher = {Springer},
   title = {Learning naive bayes tree for conditional probability estimation},
   year = {2006},
}
@inproceedings{Kohavi1996,
   author = {Ron Kohavi},
   journal = {Kdd},
   pages = {202-207},
   title = {Scaling up the accuracy of naive-bayes classifiers: A decision-tree hybrid.},
   volume = {96},
   year = {1996},
}
@inproceedings{Wei2020,
   author = {Lan Wei and Marcel Flores and Harkeerat Bedi and John S Heidemann},
   journal = {TMA},
   title = {Bidirectional Anycast/Unicast Probing (BAUP): Optimizing CDN Anycast.},
   year = {2020},
}
@article{SHOBIRI2021,
   author = {BEHNAM SHOBIRI and MOHAMMAD MANNAN and A M R YOUSSEF},
   title = {CDNs’ Dark Side: Security Problems in CDN-to-Origin Connections},
   year = {2021},
}
@inproceedings{Wei2021,
   author = {Mingkui Wei},
   isbn = {1939133246},
   journal = {30th USENIX Security Symposium (USENIX Security 21)},
   pages = {3327-3343},
   title = {Domain Shadowing: Leveraging Content Delivery Networks for Robust \{Blocking-Resistant\} Communications},
   year = {2021},
}
@inproceedings{Joachims1999,
   author = {Thorsten Joachims},
   journal = {Icml},
   pages = {200-209},
   title = {Transductive inference for text classification using support vector machines},
   volume = {99},
   year = {1999},
}
@inproceedings{Xie2022,
   author = {Qinge Xie and Shujun Tang and Xiaofeng Zheng and Qingran Lin and Baojun Liu and Haixin Duan and Frank Li},
   journal = {31st USENIX Security Symposium (USENIX Security 22). USENIX Association. https://www. usenix. org/conference/usenixsecurity22/presentation/xie},
   title = {Building an Open, Robust, and Stable Voting-Based Domain Top List},
   year = {2022},
}
@report{,
   author = {侯锐杰},
   title = {关键目标互联网资源画像技术研究},
   year = {2021},
}
