% !Mode:: "TeX:UTF-8"

@techreport{互联网弹窗规定2022,
	author = {网信办},
	address = {北京},
	institution = {中华人民共和国国家互联网信息办公室},
	title = {互联网弹窗信息推送服务管理规定},
	year = {2022},
}

@techreport{CNCERT2022,
	author = {CNCERT},
	address = {北京},
	institution = {国家互联网应急中心},
	title = {互联网安全威胁报告},
	year = {2022},
}